../05-dissertation/90-references.bib