@report{emscripten,
  author = "Alon Zakai",
  institution = "Mozilla",
  title = "Emscripten: An LLVM-to-JavaScript Compiler",
  year = "2013",
  url = "https://raw.githubusercontent.com/emscripten-core/emscripten/main/docs/paper.pdf"
}
